<?xml version="1.0" encoding="UTF-8"?>
<record xmlns="http://www.loc.gov/MARC21/slim" xmlns:xsi="http://www.w3.org/2001/XMLSchema-instance" xsi:schemaLocation="http://www.loc.gov/MARC21/slim http://www.loc.gov/standards/marcxml/schema/MARC21slim.xsd">
<leader>     nam a2200289 a 4500</leader>
<controlfield tag="001">001696988</controlfield>
<controlfield tag="003">NNU</controlfield>
<controlfield tag="005">20061010171141.0</controlfield>
<controlfield tag="008">010125s1899    ua            000 0 ara d</controlfield>
<datafield tag="035" ind1="9" ind2=" ">
<subfield code="a">NYUb12244027</subfield>
</datafield>
<datafield tag="035" ind1=" " ind2=" ">
<subfield code="a">(CStRLIN)NYUG01-B492</subfield>
</datafield>
<datafield tag="040" ind1=" " ind2=" ">
<subfield code="a">NNU</subfield>
<subfield code="c">NNU</subfield>
</datafield>
<datafield tag="050" ind1=" " ind2="4">
<subfield code="a">DS234</subfield>
<subfield code="b">.I1147</subfield>
</datafield>
<datafield tag="066" ind1=" " ind2=" ">
<subfield code="c">(3</subfield>
</datafield>
<datafield tag="090" ind1=" " ind2=" ">
<subfield code="a">DS234</subfield>
<subfield code="b">.I1147</subfield>
</datafield>
<datafield tag="100" ind1="1" ind2=" ">
<subfield code="6">880-01</subfield>
<subfield code="a">Ibn al-Ṭiqṭaqā, Muḥammad ibn ʻAlī,</subfield>
<subfield code="d">b. ca. 1262.</subfield>
</datafield>
<datafield tag="240" ind1="1" ind2="0">
<subfield code="6">880-02</subfield>
<subfield code="a">Fakhrī fī al-ādāb al-sulṭānīyah wa-al-duwal al-Islāmīyah</subfield>
</datafield>
<datafield tag="245" ind1="1" ind2="0">
<subfield code="6">880-03</subfield>
<subfield code="a">Kitāb al-fakhrī fī al-ādāb al-sulṭānīyah wa-al-duwal al-Islāmīyah /</subfield>
<subfield code="c">taʼlīf Muḥammad ibn ʻAlī ibn Ṭabāṭabā al-maʻrūf bi-Ibn al-Ṭiqṭaqá.</subfield>
</datafield>
<datafield tag="260" ind1=" " ind2=" ">
<subfield code="6">880-04</subfield>
<subfield code="a">Miṣr :</subfield>
<subfield code="b">Shirkat Tab' al-Kutub al-ʻArabīyah,</subfield>
<subfield code="c">1317 [ 1899]</subfield>
</datafield>
<datafield tag="300" ind1=" " ind2=" ">
<subfield code="a">304, 10 p.</subfield>
</datafield>
<datafield tag="651" ind1=" " ind2="0">
<subfield code="a">Islamic Empire</subfield>
<subfield code="x">Politics and government.</subfield>
</datafield>
<datafield tag="650" ind1=" " ind2="0">
<subfield code="a">Caliphate.</subfield>
</datafield>
<datafield tag="651" ind1=" " ind2="0">
<subfield code="a">Baghdad (Iraq)</subfield>
<subfield code="x">History.</subfield>
</datafield>
<datafield tag="880" ind1="1" ind2=" ">
<subfield code="6">100-01/</subfield>
<subfield code="a">ابن الطقطقى، محمد بن علي.</subfield>
</datafield>
<datafield tag="880" ind1="1" ind2="0">
<subfield code="6">240-02/</subfield>
<subfield code="a">فخري في الآداب السلطانية و الدول الاسلامية</subfield>
</datafield>
<datafield tag="880" ind1="1" ind2="0">
<subfield code="6">245-03/</subfield>
<subfield code="a">كتاب الفخري في الآداب السلطانية و الدول الاسلامية /</subfield>
<subfield code="c">تأليف محمد بن علي بن طباطبا المعروف بابن الطقطقي.</subfield>
</datafield>
<datafield tag="880" ind1=" " ind2=" ">
<subfield code="6">260-04/</subfield>
<subfield code="a">مصر :</subfield>
<subfield code="b">شركة طبع الكتب العربية،</subfield>
<subfield code="c">١٣١٧ [١٨٩٩]</subfield>
</datafield>
<datafield tag="OWN" ind1=" " ind2=" ">
<subfield code="a">GENERAL</subfield>
</datafield>
<datafield tag="998" ind1=" " ind2=" ">
<subfield code="a">20010125</subfield>
<subfield code="d">20010125</subfield>
<subfield code="d">20020124</subfield>
<subfield code="n">NNU</subfield>
<subfield code="s">1</subfield>
<subfield code="t">c</subfield>
<subfield code="z">p</subfield>
</datafield>
<datafield tag="AVA" ind1=" " ind2=" ">
<subfield code="a">NYU50</subfield>
<subfield code="b">BOBST</subfield>
<subfield code="c">Main Collection</subfield>
<subfield code="d">DS234 .I1147</subfield>
<subfield code="e">unavailable</subfield>
<subfield code="t">Unavailable</subfield>
<subfield code="f">1</subfield>
<subfield code="g">1</subfield>
<subfield code="h">N</subfield>
<subfield code="i">0</subfield>
<subfield code="j">MAIN</subfield>
<subfield code="k">0</subfield>
</datafield>
</record>
